<?xml version="1.0" encoding="UTF-8"?><collection xmlns="http://www.loc.gov/MARC21/slim"><record><leader>00625nam--2200193-i-4500</leader><controlfield tag="001">000036702</controlfield><controlfield tag="002">20161230</controlfield><controlfield tag="005">20161230201041</controlfield><controlfield tag="008">060222s1000------------r-----000-0-eng-d</controlfield><datafield ind1=" " ind2=" " tag="040"><subfield code="a">IFIN-HH</subfield></datafield><datafield ind1=" " ind2=" " tag="080"><subfield code="a">533.932.001(061.3)</subfield></datafield><datafield ind1="1" ind2=" " tag="100"><subfield code="a">Stringer, T</subfield></datafield><datafield ind1="1" ind2="0" tag="245"><subfield code="a">Plasma transport, heating and mhd theory</subfield><subfield code="b">Proccedings of the Workshop, Varenna, Italy, 12-16 September 1977</subfield><subfield code="c">T. stringer, j.p. carnihan, g.g. leotta</subfield></datafield><datafield ind1=" " ind2=" " tag="260"><subfield code="a">Oxford, Pergamon Press, 1978,</subfield></datafield><datafield ind1=" " ind2=" " tag="300"><subfield code="a">VII + 432P</subfield></datafield><datafield ind1=" " ind2=" " tag="490"><subfield code="a">International School Of Plasma Physics</subfield></datafield><datafield ind1="1" ind2=" " tag="700"><subfield code="a">Leotta, G. G</subfield></datafield><datafield ind1=" " ind2=" " tag="852"><subfield code="a">47020</subfield><subfield code="c">533.9</subfield></datafield><datafield ind1=" " ind2=" " tag="CAT"><subfield code="a">Sys</subfield><subfield code="c">20100929</subfield><subfield code="h">095622</subfield></datafield></record></collection>